<record><leader>00000cas a22000007a 4500</leader><controlfield tag="001">21137043</controlfield><controlfield tag="008">900228d19651967mduwr ne      0    0eng d</controlfield><datafield ind1=" " ind2=" " tag="010"><subfield code="a">sn 90057055 </subfield></datafield><datafield ind1=" " ind2=" " tag="040"><subfield code="a">MFN</subfield><subfield code="b">eng</subfield><subfield code="c">MFN</subfield><subfield code="d">OCLCQ</subfield></datafield><datafield ind1=" " ind2=" " tag="042"><subfield code="a">msc</subfield></datafield><datafield ind1="0" ind2="0" tag="245"><subfield code="a">Prince Georges times.</subfield></datafield><datafield ind1=" " ind2=" " tag="260"><subfield code="a">Mount Rainier, Md. :</subfield><subfield code="b">Prince Georges Times, Inc.</subfield></datafield><datafield ind1=" " ind2=" " tag="300"><subfield code="a">v.</subfield></datafield><datafield ind1=" " ind2=" " tag="310"><subfield code="a">Weekly</subfield></datafield><datafield ind1="1" ind2=" " tag="362"><subfield code="a">Began in 1965; ceased in Apr. 1967.</subfield></datafield><datafield ind1=" " ind2=" " tag="588"><subfield code="a">Description based on: Vol. 2, no. 26 (Aug. 11, 1966).</subfield></datafield><datafield ind1=" " ind2=" " tag="752"><subfield code="a">United States</subfield><subfield code="b">Maryland</subfield><subfield code="c">Prince George's</subfield><subfield code="d">Mount Rainier.</subfield></datafield><datafield ind1="0" ind2="4" tag="785"><subfield code="t">Courier (Prince George's County, Md.)</subfield><subfield code="w">(DLC)sn 89006194</subfield></datafield></record>